@article{negrão14,
    title = {Brazilian Portuguese as a transatlantic language},
    subtitle = {agents of linguistic contact},
    author = {NEGRÃO, Esmeralda Vailati and VIOTTI, Evani},
    journal = {Interdisciplinary Journal of Portuguese Diaspora Studies},
    volume = {3},
    pages = {135-154},
    year = {2014},
}
@book{higginbottom1998performance,
    author={Higginbottom, Gary N},
    title={Performance evaluation of communication networks},
    publisher={Artech House, Inc.},
    year={1998},
    isbn = {9780890068700},
    address = {{Norwood, MA, United States}}
}
@book{kurose2013computer,
    address = {S{\~{a}}o Paulo},
    author = {Kurose, James F and Ross, Keith W},
    edition = {6. ed.},
    editor = {{Wagner Luiz Zucchi}},
    isbn = {9788543014432},
    publisher = {Pearson Education do Brasil},
    title = {Redes de Computadores e a Internet},
    subtitle = {uma abordagem top-down},
    translator = {Daniel Vieira},
    volume = {6. ed.},
    year = {2013}
}
@misc{Scott2007,
    series =    {Request for Comments},
    number =    5050,
    howpublished =  {RFC 5050},
    publisher = {RFC Editor},
    url={https://www.rfc-editor.org/info/rfc5050},
    author =    {Keith Scott and Scott C. Burleigh},
    title =     {{Bundle Protocol Specification}},
    year =      2007,
    month =     nov,
    abstract =  {This document describes the end-to-end protocol, block formats, and abstract service description for the exchange of messages (bundles) in Delay Tolerant Networking (DTN). This document was produced within the IRTF's Delay Tolerant Networking Research Group (DTNRG) and represents the consensus of all of the active contributors to this group. See http://www.dtnrg.org for more information. This memo defines an Experimental Protocol for the Internet community.},
}
@misc{Raspberry,
    title={Buy A raspberry pi 3 model B},
    url={http://www.raspberrypi.org/products/raspberry-pi-3-model-b/},
    journal={Raspberry Pi},
    author={Raspberry Pi},
    urlaccessdate = {08 mar. 2019},
    year = {2019}
}